<?xml version="1.0" encoding="UTF-8"?><collection xmlns="http://www.loc.gov/MARC21/slim"><record><leader>00621nam--2200181-i-4500</leader><controlfield tag="001">000044836</controlfield><controlfield tag="002">20161230</controlfield><controlfield tag="005">20161230201044</controlfield><controlfield tag="008">060222s1000------------r-----000-0-fre-d</controlfield><datafield ind1=" " ind2=" " tag="040"><subfield code="a">IFIN-HH</subfield></datafield><datafield ind1=" " ind2=" " tag="041"><subfield code="a">fre</subfield></datafield><datafield ind1=" " ind2=" " tag="080"><subfield code="a">538.955(043)</subfield></datafield><datafield ind1="1" ind2=" " tag="100"><subfield code="a">Tissier, Bruno</subfield></datafield><datafield ind1="1" ind2="0" tag="245"><subfield code="a">Etude de l`apparition du magnetisme sur des impuretes de transition dilue dans des matrices non-magnetiques et presque-magnetiques; application a l`etude de la precipitation du cobalt dans le cuivre</subfield><subfield code="b">These</subfield><subfield code="c">Bruno tissier</subfield></datafield><datafield ind1=" " ind2=" " tag="260"><subfield code="a">Grenoble</subfield><subfield code="b">Universite</subfield><subfield code="c">1977</subfield></datafield><datafield ind1=" " ind2=" " tag="300"><subfield code="a">185P</subfield></datafield><datafield ind1=" " ind2=" " tag="852"><subfield code="a">46478</subfield><subfield code="c">539.2</subfield></datafield><datafield ind1=" " ind2=" " tag="CAT"><subfield code="a">Sys</subfield><subfield code="c">20121029</subfield><subfield code="h">105143</subfield></datafield></record></collection>